@article{wong2009role,
  title={The role of software in recent catastrophic accidents},
  author={Wong, W Eric and Debroy, Vidroha and Restrepo, Andrew},
  journal={Ieee reliability society 2009 annual technology report},
  volume={59},
  number={3},
  year={2009}
}

@book{burnstein2006practical,
  title={Practical software testing: a process-oriented approach},
  author={Burnstein, Ilene},
  year={2006},
  publisher={Springer Science \& Business Media}
}

@book{savenkov2008become,
  title={How to become a software tester},
  author={Savenkov, Roman},
  year={2008},
  publisher={Roman Savenkov}
}

@book{brooks1995mythical,
  title={The Mythical Man-Month: Essays on Software Engineering, Anniversary Edition, 2/E},
  author={Brooks Jr, Frederick P},
  year={1995},
  publisher={Pearson Education India}
}

@article{olan2003unit,
  title={Unit testing: test early, test often},
  author={Olan, Michael},
  journal={Journal of Computing Sciences in Colleges},
  volume={19},
  number={2},
  pages={319--328},
  year={2003},
  publisher={Consortium for Computing Sciences in Colleges}
}

@misc{dijkstra1970notes,
  title={Notes on structured programming},
  author={Dijkstra, Edsger Wybe},
  year={1970},
  publisher={Technological University Eindhoven Netherlands}
}

@inproceedings{xie2007towards,
  title={Towards a framework for differential unit testing of object-oriented programs},
  author={Xie, Tao and Taneja, Kunal and Kale, Shreyas and Marinov, Darko},
  booktitle={Automation of Software Test, 2007. AST'07. Second International Workshop on},
  pages={5--5},
  year={2007},
  organization={IEEE}
}

@online{martin2014unittest,
  author = {Martin Fowler},
  title = {UnitTest},
  url = {https://martinfowler.com/bliki/UnitTest.html},
  urldate = {2018-09-23}
}

@online{martin2007stub,
  author = {Martin Fowler},
  title = {Mocks Aren't Stubs},
  url = {https://martinfowler.com/articles/mocksArentStubs.html},
  urldate = {2018-09-23}
}

@book{osherove2015art,
  title={The art of unit testing},
  author={Osherove, Roy},
  year={2015},
  publisher={MITP-Verlags GmbH \& Co. KG}
}

@book{myers2011art,
  title={The art of software testing},
  author={Myers, Glenford J and Sandler, Corey and Badgett, Tom},
  year={2011},
  publisher={John Wiley \& Sons}
}

@article{irawanbiznet,
  title={BIZNET QUERY LANGUAGE PADA INFRASTRUCTURE AS CODE},
  author={Irawan, Eka Tresna and Bappedyanto, Dondy and Hariyadi, Dedy and Aziz, Azzam Syawqi},
  journal={TEKNOMATIKA},
  volume={11},
  number={1},
  year={2018}
}

@online{neo-cli-ol,
  title = {neo-cli},
  url = {https://github.com/BiznetGIO/neo-cli},
  urldate = {2018-09-23}
}

@online{pytest-ol,
  author = {Holger Krekel},
  title = {Pytest Documentation},
  url = {https://docs.pytest.org/en/latest/contents.html},
  urldate = {2018-09-23}
}

@online{coverage-ol,
  author = {Ned Batchelder},
  title = {Coverage.py Documentation},
  url = {https://coverage.readthedocs.io/en/coverage-4.5.1a/},
  urldate = {2018-09-23}
}

@online{pytestordering-ol,
  author = {Frank Tobia},
  title = {pytest-ordering Project},
  url = {https://pytest-ordering.readthedocs.io/},
  urldate = {2018-09-23}
}

@online{travis-ol,
  title = {Travis CI Project},
  url = {https://docs.travis-ci.com/},
  urldate = {2018-09-23}
}

@online{marcellintravis,
  author = {Marcellin Nshimiyiman},
  title = {Travis-ci - Send notification with custom message},
  url = {http://www.marcellin.me/blog/travis-ci-notification-custom-message/},
  urldate = {2018-09-23}
}

@book{whittaker2012google,
  title={How Google tests software},
  author={Whittaker, James A and Arbon, Jason and Carollo, Jeff},
  year={2012},
  publisher={Addison-Wesley}
}

@online{rungta,
  author = {Krishna Rungta},
  title = {STLC - Software Testing Life Cycle},
  url = {https://www.guru99.com/software-testing-life-cycle.html},
  urldate = {2018-09-23}
}

@online{curses-doc,
  title = {curses},
  url = {https://docs.python.org/2/library/curses.html},
  urldate = {2018-09-23}
}

@book{presman2010software,
  title={Software Enginering a Practionerâ€™s Aproach},
  author={Presman, Roger S},
  year={2010},
  publisher={New York: McGraw-Hill Companies Inc}
}

@book{sommerville2014software,
  title={Software Engineering},
  author={Sommerville, Ian},
  year={2014},
  publisher={Pearson Education }
}

@misc{gregory2007path,
  title={Path Testing},
  author={Luke Gregory},
  year={2007},
}

@online{knupp,
  author = {Jeff Knupp},
  title = {Understanding Unit Testing},
  url = {https://jeffknupp.com/blog/2013/12/09/improve-your-python-understanding-unit-testing/},
  urldate = {2018-11-08}
}

@online{biznetgio,
  author = {BiznetGioNusantara},
  title = {Tentang Kami},
  url = {https://www.biznetgio.com/about},
  urldate = {2018-11-08}
}
