@inproceedings{hellas2017plagiarism,
  title={Plagiarism in Take-home Exams: Help-seeking, Collaboration, and Systematic Cheating},
  author={Hellas, Arto and Leinonen, Juho and Ihantola, Petri},
  booktitle={Proceedings of the 2017 ACM Conference on Innovation and Technology in Computer Science Education},
  pages={238--243},
  year={2017},
  organization={ACM}
}

@article{park2004rebels,
  title={Rebels without a clause: Towards an institutional framework for dealing with plagiarism by students},
  author={Park, Chris},
  journal={Journal of further and Higher Education},
  volume={28},
  number={3},
  pages={291--306},
  year={2004},
  publisher={Taylor \& Francis}
}

@article{agustina2017exploring,
  title={Exploring Plagiarism into Perspectives of Indonesian Academics and Students},
  author={Agustina, Rina and Raharjo, Pambudi},
  journal={Journal of Education and Learning},
  volume={11},
  number={3},
  pages={262--272},
  year={2017},
  publisher={Universitas Ahmad Dahlan}
}

@article{meuschke2013state,
  title={State-of-the-art in detecting academic plagiarism},
  author={Meuschke, Norman and Gipp, Bela},
  journal={International Journal for Educational Integrity},
  volume={9},
  number={1},
  year={2013}
}

@article{kiss2013loopholes,
  title={Loopholes of plagiarism detection software},
  author={Kiss, Andr{\'a}s K{\'a}roly},
  journal={Procedia-Social and Behavioral Sciences},
  volume={106},
  pages={1796--1803},
  year={2013},
  publisher={Elsevier}
}

@InProceedings{martins2014plagiarism,
  author =       {V{\'i}tor T. Martins and Daniela Fonte and Pedro
                  Rangel Henriques and Daniela da Cruz},
  title =        {{Plagiarism Detection: A Tool Survey and
                  Comparison}},
  booktitle =    {3rd Symposium on Languages, Applications and
                  Technologies},
  pages =        {143--158},
  year =         2014,
  volume =       38,
  publisher =    {Schloss Dagstuhl--Leibniz-Zentrum fuer Informatik},
  address =      {Dagstuhl, Germany}
}

@inproceedings{modiba2016evaluating,
  title={Evaluating plagiarism detection software for introductory programming assignments},
  author={Modiba, Phatludi and Pieterse, Vreda and Haskins, Bertram},
  booktitle={Proceedings of the Computer Science Education Research Conference 2016},
  pages={37--46},
  year={2016},
  organization={ACM}
}

@article{leung2017instructional,
  title={An Instructional Approach to Practical Solutions for Plagiarism},
  author={Leung, Chi Hong and Cheng, Simone Chung Ling},
  journal={Universal Journal of Educational Research},
  volume={5},
  number={9},
  pages={1646--1652},
  year={2017},
  publisher={Horizon Research Publishing}
}

@article{mclafferty2004electronic,
  title={Electronic plagiarism as a college instructor's nightmare—Prevention and detection},
  author={McLafferty, Charles L and Foust, Karen M},
  journal={Journal of Education for Business},
  volume={79},
  number={3},
  pages={186--190},
  year={2004},
  publisher={Taylor \& Francis}
}

@article{neill2004web,
  title={A Web-enabled plagiarism detection tool},
  author={Neill, Colin J and Shanmuganthan, Ganesh},
  journal={IT professional},
  volume={6},
  number={5},
  pages={19--23},
  year={2004},
  publisher={IEEE}
}

@article{howard2002don,
  title={Don't police plagiarism: just teach!},
  author={Howard, Rebecca Moore},
  journal={The education digest},
  volume={67},
  number={5},
  pages={46},
  year={2002},
  publisher={Prakken Publications, Inc.}
}

@article{dweck1988social,
  title={A social-cognitive approach to motivation and personality},
  author={Dweck, Carol S and Leggett, Ellen L},
  journal={Psychological review},
  volume={95},
  number={2},
  pages={256},
  year={1988},
  publisher={American Psychological Association}
}

@article{garner2012stop,
  title={How to stop plagiarism},
  author={Garner, Harold and Pulverer, Bernd and Marusi{\'c}, Ana and
                  Petrovechi, Mladen and Loadsman, John and Zhang, Yuehong and
                  McIntosh, Ian and Titus, Sandra and Roig, Miguel and Anderson,
                  Melissa},
  journal={Nature},
  volume={481},
  number={7382},
  pages={21--23},
  year={2012}
}

@book{chacon2014pro,
  title={Pro git},
  author={Chacon, Scott and Straub, Ben},
  year={2014},
  publisher={Apress}
}

@article{navarro2001guided,
  title={A guided tour to approximate string matching},
  author={Navarro, Gonzalo},
  journal={ACM computing surveys (CSUR)},
  volume={33},
  number={1},
  pages={31--88},
  year={2001},
  publisher={ACM}
}

@online{xdotool,
  title = {xdotool project},
  url = {https://github.com/jordansissel/xdotool},
  urldate = {2018-05-24}
}

@online{python,
  title = {python project},
  url = {https://www.python.org/},
  urldate = {2018-05-24}
}

@online{garimella,
  title = {Understanding and exploiting snapshot technology for data protection,
  Part 1: Snapshot technology overview},
  author = {Neeta Garimella},
  url = {https://www.ibm.com/developerworks/tivoli/library/t-snaptsm1/},
  urldate = {2018-08-21}
}

@article{ruparelia2010history,
  title={The history of version control},
  author={Ruparelia, Nayan B},
  journal={ACM SIGSOFT Software Engineering Notes},
  volume={35},
  number={1},
  pages={5--9},
  year={2010},
  publisher={ACM}
}

@online{delarosa,
  author = {Alexander DeLaRosa},
  title = {Log Monitoring: not the ugly sister},
  url = {https://blog.pandorafms.org/log-monitoring/},
  urldate = {2018-08-21}
}

@online{wallen,
  author = {Jack Wallen},
  title = {Viewing Linux Logs from the Command Line},
  url = {https://www.linux.com/learn/sysadmin/viewing-linux-logs-command-line},
  urldate = {2018-08-21}
}

@online{xlibman,
  title = {Xlib Manual},
  url = {https://www.x.org/archive//current/doc/libX11/libX11/libX11.html},
  urldate = {2018-08-21}
}

@online{xdotoolman,
  title = {xdotool Manual},
  url = {https://www.semicomplete.com/projects/xdotool/},
  urldate = {2018-08-21}
}

@online{gitmail1,
  author = {Linus Torvalds},
  title = {git mailing list},
  url = {https://marc.info/?l=linux-kernel&m=111314792424707},
  urldate = {2018-08-21}
}

@online{tkinterman,
  author = {Fredrik Lundh},
  title = {tkinker manual},
  url = {http://effbot.org/tkinterbook/},
  urldate = {2018-08-21}
}

@online{qthistory,
  title = {Qt History},
  url = {https://wiki.qt.io/Qt_History},
  urldate = {2018-12-21}
}

@online{qtabout,
  title = {Qt About},
  url = {https://wiki.qt.io/About_Qt},
  urldate = {2018-12-21}
}

@book{pressman2010software,
  title={Software Engineering--A Practitioner's Approach},
  author={Pressman, Roger S},
  year={2010},
  publisher={Mc Graw-Hill}
}

@book{sommerville2016software,
  title={Software Engineering},
  author={Sommerville, Ian},
  year={2014},
  publisher={Pearson Education }
}

@book{bell2000software,
  title={Software Engineering for Students},
  author={Douglas Bell},
  year={2000},
  publisher={Pearson Education}
}

@misc{ieee1990,
  title={IEEE Standard Glossary of Software Engineering Terminology},
  author={IEEE},
  year={1990},
  publisher={IEEE}
}

@article{capretz2003history,
  title={A Brief History of the Object-Oriented Approach},
  author={Luiz Fernando Capretz},
  journal={Software Engineering Notes},
  volume={28},
  number={2},
  year={2003},
  publisher={ACM SIGSOFT}
}

@book{rumbaugh2004unified,
  title={Unified modeling language reference manual, the},
  author={Rumbaugh, James and Jacobson, Ivar and Booch, Grady},
  year={2004},
  publisher={Pearson Higher Education}
}

@book{brooks1995mythical,
  title={The Mythical Man-Month: Essays on Software Engineering, Anniversary Edition, 2/E},
  author={Brooks Jr, Frederick P},
  year={1995},
  publisher={Pearson Education India}
}

@book{burnstein2006practical,
  title={Practical software testing: a process-oriented approach},
  author={Burnstein, Ilene},
  year={2006},
  publisher={Springer Science \& Business Media}
}

@misc{gregory2007path,
  title={Path Testing},
  author={Luke Gregory},
  year={2007},
}

@inproceedings{xie2007towards,
  title={Towards a framework for differential unit testing of object-oriented programs},
  author={Xie, Tao and Taneja, Kunal and Kale, Shreyas and Marinov, Darko},
  booktitle={Automation of Software Test, 2007. AST'07. Second International Workshop on},
  pages={5--5},
  year={2007},
  organization={IEEE}
}

@book{whittaker2012google,
  title={How Google tests software},
  author={Whittaker, James A and Arbon, Jason and Carollo, Jeff},
  year={2012},
  publisher={Addison-Wesley}
}

@book{osherove2015art,
  title={The art of unit testing},
  author={Osherove, Roy},
  year={2015},
  publisher={MITP-Verlags GmbH \& Co. KG}
}

@book{myers2011art,
  title={The art of software testing},
  author={Myers, Glenford J and Sandler, Corey and Badgett, Tom},
  year={2011},
  publisher={John Wiley \& Sons}
}

@online{marcellintravis,
  author = {Marcellin Nshimiyiman},
  title = {Travis-ci - Send notification with custom message},
  url = {http://www.marcellin.me/blog/travis-ci-notification-custom-message/},
  urldate = {2018-09-23}
}

@online{martin2014unittest,
  author = {Martin Fowler},
  title = {UnitTest},
  url = {https://martinfowler.com/bliki/UnitTest.html},
  urldate = {2018-09-23}
}

@misc{dijkstra1970notes,
  title={Notes on structured programming},
  author={Dijkstra, Edsger Wybe},
  year={1970},
  publisher={Technological University Eindhoven Netherlands}
}


@online{martin2007stub,
  author = {Martin Fowler},
  title = {Mocks Aren't Stubs},
  url = {https://martinfowler.com/articles/mocksArentStubs.html},
  urldate = {2018-09-23}
}

@book{presman2010software,
  title={Software Enginering a Practioner’s Aproach},
  author={Presman, Roger S},
  year={2010},
  publisher={New York: McGraw-Hill Companies Inc}
}

@book{savenkov2008become,
  title={How to become a software tester},
  author={Savenkov, Roman},
  year={2008},
  publisher={Roman Savenkov}
}

@misc{macbeth2007logging,
  title={Logging user actions within activity context},
  author={Macbeth, Steven W and Fernandez, Roland L and Meyers, Brian R and Tan,
                  Desney S and Robertson, George G and Oliver, Nuria M and
                  Murillo, Oscar E and Pedersen, Elin R and Czerwinski, Mary P
                  and Spence, Jeanine E and others},
  year={2007},
  month=dec # "~27",
  publisher={Google Patents},
  note={US Patent App. 11/426,846}
}

@article{born2003teaching,
  title={Teaching tip: How to reduce plagiarism},
  author={Born, Apiwan D},
  journal={Journal of Information Systems Education},
  volume={14},
  number={3},
  pages={223},
  year={2003}
}

@online{drawio,
  title = {About draw.io},
  url = {https://about.draw.io/about-us/},
  urldate = {2019-07-03}
}

@article{sanner1999python,
  title={Python: a programming language for software integration and development},
  author={Sanner, Michel F and others},
  journal={J Mol Graph Model},
  volume={17},
  number={1},
  pages={57--61},
  year={1999}
}
